<record xmlns='http://www.loc.gov/MARC21/slim'><leader>01596cas a22003855a 4500</leader><controlfield tag='001'>2837256</controlfield><controlfield tag='005'>20230827234438.2</controlfield><controlfield tag='008'>841011d18821990weadr ne      0    0eng  </controlfield><datafield ind1='1' ind2=' ' tag='019'><subfield code='a'>3389246</subfield></datafield><datafield ind1=' ' ind2=' ' tag='022'><subfield code='a'>1839-8138</subfield></datafield><datafield ind1=' ' ind2=' ' tag='040'><subfield code='a'>ANL-S</subfield><subfield code='b'>eng</subfield><subfield code='c'>ANL-S</subfield><subfield code='d'>ANL-S</subfield><subfield code='d'>ANL</subfield></datafield><datafield ind1=' ' ind2=' ' tag='042'><subfield code='a'>anuc</subfield></datafield><datafield ind1=' ' ind2=' ' tag='043'><subfield code='a'>u-at-we</subfield></datafield><datafield ind1='0' ind2='4' tag='082'><subfield code='a'>079.9411</subfield><subfield code='2'>23</subfield></datafield><datafield ind1='4' ind2=' ' tag='130'><subfield code='a'>The daily news (Perth, W.A.)</subfield></datafield><datafield ind1=' ' ind2='4' tag='222'><subfield code='a'>The daily news (Perth, W.A. Print)</subfield></datafield><datafield ind1='0' ind2='4' tag='245'><subfield code='a'>The daily news.</subfield></datafield><datafield ind1=' ' ind2=' ' tag='260'><subfield code='a'>Perth, W.A. :</subfield><subfield code='b'>Daily News,</subfield><subfield code='c'>1882-</subfield></datafield><datafield ind1=' ' ind2=' ' tag='300'><subfield code='a'>v. :</subfield><subfield code='b'>ill. ;</subfield><subfield code='c'>61 cm.</subfield></datafield><datafield ind1='1' ind2=' ' tag='362'><subfield code='a'>Began with July 26, 1882 and ceased in Sept. 1990.</subfield></datafield><datafield ind1=' ' ind2=' ' tag='500'><subfield code='a'>Caption title.</subfield></datafield><datafield ind1=' ' ind2=' ' tag='500'><subfield code='a'>Size varies.</subfield></datafield><datafield ind1=' ' ind2=' ' tag='500'><subfield code='a'>Aug. 6, 1960-    incldes weekend ed. called: Weekend news.</subfield></datafield><datafield ind1=' ' ind2=' ' tag='500'><subfield code='a'>Description based on: Vol. 28, no. 10,684 (Wednesday, Sept. 1, 1909)</subfield></datafield><datafield ind1=' ' ind2=' ' tag='530'><subfield code='a'>Also available on microfilm and online. Online issues  available via the &quot;Digitised Newspapers and more&quot;. Address as at 27/8/12:</subfield><subfield code='u'>http://nla.gov.au/nla.news-title275</subfield></datafield><datafield ind1=' ' ind2='0' tag='650'><subfield code='a'>Australian newspapers</subfield><subfield code='z'>Western Australia</subfield><subfield code='z'>Perth.</subfield></datafield><datafield ind1=' ' ind2='0' tag='651'><subfield code='a'>Perth (W.A.)</subfield><subfield code='v'>Newspapers.</subfield></datafield><datafield ind1=' ' ind2=' ' tag='653'><subfield code='a'>Australian</subfield></datafield><datafield ind1=' ' ind2=' ' tag='752'><subfield code='a'>Australia</subfield><subfield code='b'>Western Australia</subfield><subfield code='d'>Perth.</subfield></datafield><datafield ind1='1' ind2='8' tag='776'><subfield code='i'>Microfilm</subfield><subfield code='t'>Daily news (Perth, W.A.)</subfield><subfield code='w'>(AKIN)42244247</subfield></datafield><datafield ind1='1' ind2='8' tag='776'><subfield code='i'>Electronic</subfield><subfield code='t'>Daily news (Perth, W.A. : Online)</subfield><subfield code='x'>1839-8146</subfield></datafield><datafield ind1='0' ind2='5' tag='780'><subfield code='t'>Inquirer and Commercial news</subfield></datafield><datafield ind1='0' ind2='5' tag='780'><subfield code='t'>Morning herald (Perth, W.A.)</subfield></datafield><datafield ind1='4' ind2='1' tag='856'><subfield code='z'>Issues available online 26 July 1882-Dec. 31, 1955.</subfield><subfield code='u'>http://nla.gov.au/nla.news-title275</subfield></datafield><datafield ind1='f' ind2='f' tag='999'><subfield code='i'>f195ca2b-6dd6-5791-bb52-6bfcf7324383</subfield><subfield code='s'>d1ffd15d-b6b8-506d-8ddd-06901d81f029</subfield></datafield><datafield ind1='f' ind2='f' tag='952'><subfield code='a'>National Library of Australia</subfield><subfield code='b'>Parkes</subfield><subfield code='c'>Parkes</subfield><subfield code='d'>Main Reading Room - Newspapers and Family History (NEWSPAPERS AUSTRALIAN [Newspapers])</subfield><subfield code='e'>NX 276</subfield><subfield code='h'>Other scheme</subfield><subfield code='m'>4b4b3cbf-4af9-5314-a2b3-45d418fa866b</subfield><subfield code='z'>Holdings note: Sept. 1 1909-Monday, Sept. 10 1990 imperfect</subfield><subfield code='z'>Holdings note: Print volumes have been disbound, please use microfilm for the period (Dec. 16, 1911)-(Dec. 30, 1916). Available at mfm NX 1267</subfield><subfield code='x'>ANBD Serial Holdings Summary: Sept. 1 1909-Monday, Sept. 10 1990 imperfect</subfield><subfield code='z'>Note: Issues published prior to 2011 are held offsite. Deliveries of requested items are made once daily. Request by 8am for delivery by 4pm Monday – Friday.</subfield></datafield></record>